
@article{r1,
  title={Analysis and prediction of student academic performance using machine learning},
  author={Oyedeji, Ajibola Oluwafemi and Salami, Abdulrazaq M and Folorunsho, Olaolu and Abolade, Olatilewa R},
  journal={JITCE (Journal of Information Technology and Computer Engineering)},
  volume={4},
  number={01},
  pages={10--15},
  year={2020}
}

@article{r2,
  title={Factors affecting studentsâ€™ quality of academic performance: A case of secondary school level},
  author={Farooq, Muhammad Shahid and Chaudhry, Azizul Haque and Shafiq, Mohammad and Berhanu, Girma},
  journal={Journal of quality and technology management},
  volume={7},
  number={2},
  pages={1--14},
  year={2011}
}

@article{r3,
  title={Data mining: A prediction for performance improvement of engineering students using classification},
  author={Yadav, Surjeet Kumar and Pal, Saurabh},
  journal={arXiv preprint arXiv:1203.3832},
  year={2012}
}
@inproceedings{r4,
  title={Predicting students performance in educational data mining},
  author={Guo, Bo and Zhang, Rui and Xu, Guang and Shi, Chuangming and Yang, Li},
  booktitle={2015 international symposium on educational technology (ISET)},
  pages={125--128},
  year={2015},
  organization={IEEE}
}

@article{r5,
  title={Analysis and prediction of student academic performance using machine learning},
  author={Oyedeji, Ajibola Oluwafemi and Salami, Abdulrazaq M and Folorunsho, Olaolu and Abolade, Olatilewa R},
  journal={JITCE (Journal of Information Technology and Computer Engineering)},
  volume={4},
  number={01},
  pages={10--15},
  year={2020}
}

@article{r6,
  title={Academic performance prediction based on multisource, multifeature behavioral data},
  author={Zhao, Liang and Chen, Kun and Song, Jie and Zhu, Xiaoliang and Sun, Jianwen and Caulfield, Brian and Mac Namee, Brian},
  journal={IEEE Access},
  volume={9},
  pages={5453--5465},
  year={2020},
  publisher={IEEE}
}

@article{r7,
  title={Predicting student academic performance using multi-model heterogeneous ensemble approach},
  author={Adejo, Olugbenga Wilson and Connolly, Thomas},
  journal={Journal of Applied Research in Higher Education},
  volume={10},
  number={1},
  pages={61--75},
  year={2018},
  publisher={Emerald Publishing Limited}
}

@article{r8,
  title={Optimal stochastic gradient descent with multilayer perceptron based student's academic performance prediction model},
  author={Ranjeeth, S and Latchoumi, TP and Paul, P Victer},
  journal={Recent Advances in Computer Science and Communications (Formerly: Recent Patents on Computer Science)},
  volume={14},
  number={6},
  pages={1728--1741},
  year={2021},
  publisher={Bentham Science Publishers}
}

@inproceedings{r9,
  title={Prediction of students performance using machine learning},
  author={Dhilipan, J and Vijayalakshmi, N and Suriya, S and Christopher, Arockiya},
  booktitle={IOP conference series: Materials science and engineering},
  volume={1055},
  number={1},
  pages={012122},
  year={2021},
  organization={IOP Publishing}
}

